@book{StallingsCryptographyandnetworksecurity,
 author={Stallings, W.},
 title={Cryptography and Network Security, Principles and Practice},
 edition = {Fifth},
 numpages={900},
 isbn-10={0136097049},
 isbn-13={9780136097044},
 year={2011},
 publisher={Pearson Education, Inc.}
}

@book{handbookofonformationandcommunicationsecurity,
 author={Peter Stavroulakis, Mark Stamp},
 title={Handbook of Information and Communication Security},
 edition = {First},
 numpages={863},
 isbn={9783642041167},
 url={https://books.google.sk/books?id=t0J2QcUtMKcC},
 year={2006},
 publisher={John Wiley \& Sons, Inc.},
}

@book{faludi2010building,
 title={Building Wireless Sensor Networks: with ZigBee, XBee, Arduino, and Processing},
 author={Faludi, R.},
 edition={First},
 numpages={322},
 ISBN-13={978-0750685979},
 ISBN-10={0750685972},
 url={https://books.google.sk/books?id=xMC69vQJLZIC},
 year={2010},
 publisher = {O'Reilly Media, Inc.}
}

@book{bidgoli2006handbook,
 author={Bidgoli, H.},
 title={Handbook of Information Security, Information Warfare, Social, Legal, and International Issues and Security Foundations},
 edition = {First},
 numpages={1008},
 isbn={9780470051207},
 series={Handbook of Information Security},
 url={https://books.google.sk/books?id=t0J2QcUtMKcC},
 year={2006},
 publisher={John Wiley \& Sons, Inc.}
}
 
@book{gislason2008zigbee,
 author={Gislason, D.},
 title={Zigbee Wireless Networking},
 edition = {First},
 isbn={9780080558622},
 url={https://books.google.sk/books?id=up8Oa7456I8C},
 year={2008},
 numpages={448},
 publisher={Elsevier Science}
} 

@book{cryptographyhandbook,
 author={Alfred J. Menezes, Paul C. van Ooorschot, Scott A. Vanstone},
 title={Handbook of Applied Cryptography},
 edition = {First},
 isbn={9780080558622},
 year={1996},
 numpages={794},
 publisher={Elsevier Science},
} 

@book{cryptodef,
 author={Douglas R. Stinson},
 title={Cryptography: Theory and Practice},
 edition = {Third},
 isbn={9787508400},
 year={2005},
 numpages={616},
 publisher={Chapman and Hall},
} 



@ARTICLE{networksecurity,
 author = {Bhavya Daya},
 title = {Network Security: History, Importance, and Future},
 department = {University of FLorida Department of Electrical and Computer Engineering},
 howpublished = "\url{http://web.mit.edu/~bdaya/www/Network%20Security.pdf}",
}

@ARTICLE{zigbeebook,
 author = {Meng-Shiuan Pan, Yu-Chee Tseng},
 title = {ZigBee Wireless Sensor Networks and Their Applications},
 department = {Department of Computer Science, National Chiao Tung University},
 howpublished = "\url{http://people.cs.nctu.edu.tw/~yctseng/papers.pub/book-zigbee.pdf}",
}

@ARTICLE{compromisedsensors,
 author = {QING ZHANG, TING YU and PENG NING},
 title = {A Framework for Identifying Compromised Nodes in Wireless Sensor Networks},
 department = {North Carolina State University},
 journal = {ACM Transactions on Information and System Security (TISSEC)},
 article = {Volume 11 Issue 3},
 year = {2008},
 month = {March},
 howpublished = "\url{http://www4.ncsu.edu/~tyu/pubs/sensor-tissec08.pdf}",
}



@Manual{jcopz,
 title = {JCOP embedded security software},
 organization = {IBM},
 month = {August},
 year = {2007},
 howpublished = "\url{http://www.zurich.ibm.com/jcop }",
 note = "[Online; accessed 24-April-2016]",
}

@Manual{jcop,
 title = {JCOP-The IBM GlobalPlatform JavaCard implmentation},
 organization = {BlueZ Secure Systems},
 month = {December},
 year = {2002},
 howpublished = "\url{ftp://ftp.software.ibm.com/software/pervasive/info/JCOP_Family.pdf}",
 url = "ftp://ftp.software.ibm.com/software/pervasive/info/JCOP_Family.pdf",
 note = "[Online; accessed 25-April-2008]",
}

@Manual{nxpp5c,
 title = {NXP P5CD080/ P5CN080/ P5CC080/ P5CC073V0B Secure Smart Card Controller},
 organization = {NXP Semiconductors},
 month = {February},
 year = {2009},
 howpublished = "\url{https://www.commoncriteriaportal.org/files/epfiles/0410_ma5b_pdf.pdf}",
 note = "[Online; accessed 12-August-2015]",
}

@Manual{x10freq,
 author = {Jon Burroughs},
 title = {How to Use X10 Function in  WebControl 3.1.x Firmware },
 organization = {CAI Networks, Inc},
 year = {2016},
 howpublished = "\url{http://www.cainetworks.com/products/webcontrol/WebControlX10.pdf}",
 note = "[Online; accessed 9-May-2016]",
}

@Manual{x10mi,
 title = {X-10 Home Automation Using the PIC16F877A},
 author = {Jon Burroughs},
 organization = {Microchip Technology Inc},
 year = {2002},
 howpublished = "\url{http://ww1.microchip.com/downloads/en/AppNotes/00236a.pdf}",
 note = "[Online; accessed 9-May-2016]",
}



@Misc{gp,
 title = {GlobalPlatform made simple guide: Secure Element},
 howpublished = "\url{https://www.globalplatform.org/mediaguideSE.asp}",
 organization = {GlobalPlatform},
 note = "[Online; accessed 24-April-2016]",
}

@Misc{cleverism,
 author = {Martin},
 title = {Business, Industry insights, Technology, The Smart Home | Intelligent Home Automation},
 howpublished = "\url{https://www.cleverism.com/smart-home-intelligent-home-automation}",
 month = {August},
 year = {2014},
 organization = {baaa},
 note = "[Online; accessed 24-April-2016]",
}

@Misc{insteon,
 title = {INSTEON WITEPAPER: The Details},
 organization = {Insteon},
 year = {2013},
 howpublished = "\url{http://cache.insteon.com/pdf/insteondetails.pdf}",
 note = "[Online; accessed 15-April-2016]",
}

@Misc{lutron,
 author = {Rich Black},
 title = {Clear Connect technology Whitepaper},
 organization = {Lutron Electronics Company, Inc.},
 month = {August},
 year = {2009},
 howpublished = "\url{http://www.lutron.com/TechnicalDocumentLibrary/Clear%20Connect%20Technology%20whitepaper.pdf}",
 note = "[Online; accessed 15-April-2016]",
}

@Misc{zigbeepacket,
 author = {Akiba},
 title = {IEEE 802.15.4 in the Context of Zigbee - Part 2 - MAC Layer},
 organization = {Lutron Electronics Company, Inc.},
 month = December,
 year = {2008},
 howpublished = "\url{http://www.freaklabs.org/index.php/blog/zigbee/ieee-802154-in-the-context-of-zigbee-part-2-mac-layer.html}",
 note = "[Online; accessed 7-May-2016]",
}

@Misc{zigbeebands,
 author = {xxiao},
 title = {Zigbee and Wifi RF Channels},
 organization = {Lutron Electronics Company, Inc.},
 month = {January},
 year = {2014},
 howpublished = "\url{http://fosiao.com/content/zigbee-and-wifi-rf-channels}",
 note = "[Online; accessed 7-May-2016]",
}

@Misc{gemalto,
 title = {UpTeq eSE secure end-to-end solutions},
 organization = {gemalto},
 howpublished = "\url{http://www.gemalto.com/iot/consumer-electronics/embedded-secure-element}",
 note = "[Online; accessed 24-April-2016]",
}

@Misc{jchelloworld,
 author = {Eric Vétillard},
 title = {JC101-1c: Hello World (for smart card developers)},
 month = {July},
 year = {2007},
 howpublished = "\url{http://javacard.vetilles.com/2006/09/17/hello-world-smart-card/#sthash.gJ3w69ya.dpuf}",
 note = "[Online; accessed 3-May-2016]",
}

@Misc{javacardinstruction,
 author = {Oracle},
 title = {Java Card 3 Platform Virtual Machine Specification, Classic Edition Version 3.0.5},
 organization = {Oracle},
 month = May,
 year = {2015},
 howpublished = "\url{https://docs.oracle.com/javacard/3.0.5/JCVMS.pdf}",
 note = "[Online; accessed 23-April-2016]",
}

@Misc{sdio,
 author = {SD Card Association},
 title = {SD Specifications Part E1 SDIO Simplified Specification Version 2.00},
 organization = {SD Card Association},
 month = {February},
 year = {2007},
 howpublished = "\url{https://www.sdcard.org/developers/overview/sdio/sdio_spec/Simplified_SDIO_Card_Spec.pdf}",
 note = "[Online; accessed 29-April-2016]",
}

@Misc{usdpinout,
 title = {Reading an SD card with an ATMEGA168},
 month = January,
 year = {2010},
 howpublished = "\url{http://elasticsheep.com/2010/01/reading-an-sd-card-with-an-atmega168/}",
 note = "[Online; accessed 24-April-2016]",
}

@Misc{iso7816pinout,
 author = {Mohamed Yousry},
 title = {Smart Card},
 month = November,
 year = {2010},
 howpublished = "\url{https://developer.mbed.org/users/MadVoltage/notebook/smart-card/}",
 note = "[Online; accessed 24-April-2016]",
}

@Misc{googlevault,
 author = {Google Developers},
 title = {Google I/O 2015 - A little badass. Beautiful. Tech and human. Work and love. ATAP.},
 organization = {Google},
 month = May,
 year = {2015},
 howpublished = "\url{https://www.youtube.com/watch?v=mpbWQbkl8_g}",
 note = "[Online; accessed 3-May-2016]",
}

@Misc{openrisc,
 title = {OR1200 OpenRISC Processor},
 organization = {OpenCores},
 month = December,
 year = {2012},
 howpublished = "\url{http://opencores.org/or1k/OR1200_OpenRISC_Processor}",
 note = "[Online; accessed 2-May-2016]",
}

@Misc{sc300,
 title = {SC300 Processor},
 organization = {ARM Ltd.},
 howpublished = "\url{https://www.arm.com/products/processors/securcore/sc300.php}",
 note = "[Online; accessed 7-May-2016]",
}

@Misc{vaultsecure,
 title = {Embedded Secure Element for Mobile},
 organization = {Inside Secure},
 year = {2015},
 howpublished = "\url{http://www.insidesecure.com/Markets-solutions/Payment-and-Mobile-Banking/Embedded-Secure-Element-for-Mobile2}",
 note = "[Online; accessed 25-April-2016]",
}

@Misc{lgmsd,
 author = {Sarah Clark},
 title = {Logomotion launches NFC microSD card},
 month = {October},
 year = {2012},
 howpublished = "\url{http://www.nfcworld.com/2012/10/16/320548/logomotion-launches-nfc-microsd-card/}",
 note = "[Online; accessed 3-May-2016]",
}

@Misc{zigbeeexploit,
 author = {Tobias Zillner, Sebastian Strobl},
 title = {ZIGBEE EXPLOITED, The good, the bad and the ugly},
 year = {2015},
 month = {August},
 howpublished = "\url{https://www.blackhat.com/docs/us-15/materials/us-15-Zillner-ZigBee-Exploited-The-Good-The-Bad-And-The-Ugly.pdf}",
 note = "[Online; accessed 3-May-2016]",
}

@Misc{iso27039,
 title = {ISOIEC 27039, Information technology — Security techniques — Selection, deployment and operations of intrusion detection and prevention systems (IDPS}},
 organization = {ISO/IEC},
 year = {2015},
 month = {February},
 howpublished = "\url{https://webstore.iec.ch/preview/info_isoiec27039%7Bed1.0%7Den.pdf}",
 note = "[Online; accessed 23-May-2016]",
}

@Misc{hub,
 title = {Meet the Samsung SmartThings Hub},
 organization = {SmartThings, Inc.},
 howpublished = "\url{https://support.smartthings.com/hc/en-us/articles/205956900-Meet-the-Samsung-SmartThings-Hub}",
 note = "[Online; accessed 11-May-2016]",
}



@online{nrf51,
 author = {NORDIC SEMICONDUCTOR},
 title = {nRF51 Series Reference Manual, Version 2.0},
 url = {http://infocenter.nordicsemi.com/pdf/nRF51_RM_v2.0.pdf},
 note = {Online dostupné na \url{http://infocenter.nordicsemi.com/pdf/nRF51_RM_v2.0.pdf} (4. december 2016)},
}
@online{SD210,
 author = {NORDIC SEMICONDUCTOR},
 title = {S210 nRF51422, ANT™ SoftDevice, SoftDevice Specification v2.0},
 url = {http://infocenter.nordicsemi.com/pdf/S210_SDS_v2.0.pdf},
 note = {Online dostupné na \url{http://infocenter.nordicsemi.com/pdf/S210_SDS_v2.0.pdf} (4. december 2016)},
}
@online{CMSIS,
 author = {ARM Ltd.},
 title = {CMSIS - Cortex Microcontroller Software Interface Standard},
 url = {https://www.arm.com/products/processors/cortex-m/cortex-microcontroller-software-interface-standard.php},
 note = {Online dostupné na \url{https://www.arm.com/products/processors/cortex-m/cortex-microcontroller-software-interface-standard.php} (4. december 2016)},
}
@online{ANT,
 author = {ANT™},
 title = {ANT Message Protocol and Usage},
 url = {https://www.thisisant.com/resources/ant-message-protocol-and-usage/},
 note = {Online dostupné na \url{https://www.thisisant.com/resources/ant-message-protocol-and-usage/} (5. december 2016)},
}



@online{LoRa,
 author = {LoRa Alliance},
 title = {LoRa Alliance™ Technology},
 url = {https://www.lora-alliance.org/What-Is-LoRa/Technology},
 note = {Online dostupné na \url{https://www.lora-alliance.org/What-Is-LoRa/Technology} (24. október 2016)},
}

@online{LoRa_VBR,
 title = {Adaptive data rate ADR (Adaptive Data Rate) in networks LoRaWAN},
 url = {http://lorawan.lace.io/lorawan-networks/adr/},
 note = {Online dostupné na \url{http://lorawan.lace.io/lorawan-networks/adr/} (24. október 2016)},
}

@online{LoRaOverview,
 author = {LoRa Alliance},
 title = {LoRaWAN™, A technical overview of LoRa® and LoRaWAN™},
 url = {https://www.lora-alliance.org/portals/0/documents/whitepapers/LoRaWAN101.pdf},
 note = {Online dostupné na \url{https://www.lora-alliance.org/portals/0/documents/whitepapers/LoRaWAN101.pdf} (12. júl 2016)},
}

@online{LoRaSpec,
 author = {N. Sornin (Semtech), M. Luis (Semtech), T. Eirich (IBM), T. Kramp (IBM), O.Hersent (Actility)},
 title = {LoRaWAN™ Specification},
 url = {https://www.lora-alliance.org/portals/0/specs/LoRaWAN%20Specification%201R0.pdf},
 note = {Online dostupné na \url{https://www.lora-alliance.org/portals/0/specs/LoRaWAN%20Specification%201R0.pdf} (6. december 2016)},
}

@online{LoRaFAQ,
 author = {Semtech Corporation},
 title = {LoRa® FAQ},
 url = {https://www.lora-alliance.org/portals/0/documents/whitepapers/LoRaWAN101.pdf},
 note = {Online dostupné na \url{https://www.lora-alliance.org/portals/0/documents/whitepapers/LoRaWAN101.pdf} (12. júl 2016)},
}



@online{AESAnimation,
 author = {Enrique Zabala},
 title = {RIJNDAEL CIPHER Animation},
 url = {http://www.formaestudio.com/rijndaelinspector/archivos/Rijndael_Animation_v4_eng.swf},
 note = {Online dostupné na \url{http://www.formaestudio.com/rijndaelinspector/archivos/Rijndael_Animation_v4_eng.swf} (24. október 2016)},
}

@online{AES,
 author = {Federal Information Processing Standards Publication 197},
 title = {ADVANCED ENCRYPTION STANDARD (AES)},
 url = {http://csrc.nist.gov/publications/fips/fips197/fips-197.pdf},
 note = {Online dostupné na \url{http://csrc.nist.gov/publications/fips/fips197/fips-197.pdf} (24. október 2016)},
}

@online{ecclesson,
 author = {Avinash Kak},
 title = {Elliptic Curve Cryptography and Digital Rights Management},
 url = {https://engineering.purdue.edu/kak/compsec/NewLectures/Lecture14.pdf},
 note = {Online dostupné na \url{https://engineering.purdue.edu/kak/compsec/NewLectures/Lecture14.pdf} (24. október 2016)},
}

@online{eccsecurity,
 author = {Paul D. Yacoumis},
 title = {ON THE SECURITY OF THE ADVANCED ENCRYPTION STANDARD},
 url = {},
 note = {Online dostupné na \url{} (24. október 2016)},
}


@online{bluetooth,
 author = {Avinash Kak},
 title = {Elliptic Curve Cryptography and Digital Rights Management},
 url = {https://engineering.purdue.edu/kak/compsec/NewLectures/Lecture14.pdf},
 note = {Online dostupné na \url{https://engineering.purdue.edu/kak/compsec/NewLectures/Lecture14.pdf} (24. október 2016)},
}